@article{bz,
title = {B—Z振荡反应研究——Br-慢耗期的表观活化能},
author = {李将渊,蔡铎昌},
journal = {四川师范学院学报(自然科学版)},
volume = {1989(03):310-313+299},
year = {1989}
}